%% LaTeX2e file 'external-bibliography.bib'
%% used by test-references-from-external-bib-file.tex
%% manually created, do not delete
%%
@book{knuth1984texbook,
  title = {The TeXbook},
  author = {Knuth, D. E.},
  year = {1984},
  edition={1},
  publisher = {Addison-Wesley}
}

@misc{wikiMath,
  author = {Wikipedia},
  title = {Mathematics --- {W}ikipedia{,} The Free Encyclopedia},
  year = {2014},
  url = {https://en.wikipedia.org/wiki/Mathematics},
  urldate = {2014-05-19}
}

@misc{sample13,
  author = {Sample, J.},
  howpublished = {\href{http://arxiv.org/abs/8765.4321v1}{arxiv:8765.4321v1}},
  title = {Interesting facts in mathematics},
  year = {2013}
}

@incollection{sample12,
  author = {Sample, J.},
  title = {Things you don't know about mathematics},
  booktitle = {A bookseries about mathematics},
  publisher = {Some publisher},
  year = {2012}
}

@inproceedings{sample11,
  author={Example, C.},
  title={A new perspective on mathematics},
  booktitle={New perspectives on arts and sciences},
  year={2011}
}

@phdthesis{sample14,
  author={Candidate, A.},
  title={Thesis title},
  school={MFO},
  year={2014}
}

